@misc{1,
  author = {Redmon, Joseph and Farhadi, Ali},
  title = {YOLOv1 Paper},
  year = {2016},
  note = {Available at \url{https://arxiv.org/pdf/1506.02640}}
}

@misc{2,
  author = {Mujadded Al Rabbani Alif},
  title = {YOLOv11: A State-of-the-Art Object Detection Model},
  year = {2024},
  note = {Available at \url{https://arxiv.org/pdf/2410.22898}}
}

@misc{3,
  author = {Zhu, Cheng and Du, Zhuoyuan and Wang, Haoyang},
  title = {RT-DETR Paper},
  year = {2023},
  note = {Available at \url{https://arxiv.org/pdf/2304.08069}}
}

@misc{4,
  author = {Ren, Shaoqing and He, Kaiming and Girshick, Ross and Sun, Jian},
  title = {Faster R-CNN Paper},
  year = {2015},
  note = {Available at \url{https://arxiv.org/pdf/1506.01497v3}}
}

@misc{5,
  author = {ASL Datasets},
  title = {American Sign Language Letters Dataset},
  year = {2024},
  note = {Available at \url{https://public.roboflow.com/object-detection/american-sign-language-letters/1}}
}

@misc{6,
  author = {Wu, Yuxin and Kirillov, Alexander and Massa, Francisco and Lo, Wan-Yen and Girshick, Ross},
  title = {Detectron2},
  year = {2019},
  note = {Available at \url{https://github.com/facebookresearch/detectron2}}
}

@misc{7,
  author = {Glenn Jocher and Jing Qiu},
  title = {Ultralytics Package},
  version = {11.0.0},
  year = {2024},
  note = {Available at \url{https://github.com/ultralytics/ultralytics}},
  orcid = {0000-0001-5950-6979, 0000-0002-7603-6750, 0000-0003-3783-7069},
  license = {AGPL-3.0}
}

@misc{8,
      title={Microsoft COCO: Common Objects in Context},
      author={Tsung-Yi Lin and Michael Maire and Serge Belongie and Lubomir Bourdev and Ross Girshick and James Hays and Pietro Perona and Deva Ramanan and C. Lawrence Zitnick and Piotr Doll√°r},
      year={2015},
      eprint={1405.0312},
      archivePrefix={arXiv},
      primaryClass={cs.CV}
}

@misc{9,
  author = {Loshchilov, Ilya and Hutter, Frank},
  title = {Decoupled Weight Decay Regularization},
  year = {2019},
  note = {Available at \url{https://arxiv.org/pdf/1711.05101}}
}

@misc{10,
title={You Only Watch Once: A Unified CNN Architecture for Real-Time Spatiotemporal Action Localization},
author={K{\"o}p{\"u}kl{\"u}, Okan and Wei, Xiangyu and Rigoll, Gerhard},
journal={arXiv preprint arXiv:1911.06644},
year={2019},
note = {Available at \url{https://arxiv.org/pdf/1911.06644}}
}
